
@inproceedings{Rupp2010,
	Author = {Rupp, Karl and Rudolf, Florian and Weinbub, Josef},
	Booktitle = {Proc. GPUScA},
	Date-Added = {2012-07-18 14:09:11 -0400},
	Date-Modified = {2012-07-18 14:09:11 -0400},
	File = {:Users/bollig/Documents/Mendeley Desktop/Rupp, Rudolf, Weinbub/2010/Proc. GPUScA/Rupp, Rudolf, Weinbub - 2010 - ViennaCL-A High Level Linear Algebra Library for GPUs and Multi-Core CPUs.pdf:pdf},
	Pages = {51---56},
	Title = {{ViennaCL-A High Level Linear Algebra Library for GPUs and Multi-Core CPUs}},
	Url = {http://www.iue.tuwien.ac.at/pdf/ib\_2010/Rupp\_GPUScA.pdf},
	Year = {2010},
	Bdsk-Url-1 = {http://www.iue.tuwien.ac.at/pdf/ib%5C_2010/Rupp%5C_GPUScA.pdf}}

@article{BolligFlyerErlebacher2012,
	Author = {Evan F. Bollig and Natasha Flyer and Gordon Erlebacher},
	Date-Added = {2013-08-09 08:30:08 +0000},
	Date-Modified = {2013-08-30 04:55:38 +0000},
	Doi = {http://dx.doi.org/10.1016/j.jcp.2012.06.030},
	Issn = {0021-9991},
	Journal = {Journal of Computational Physics},
	Keywords = {OpenCL},
	Number = {21},
	Pages = {7133 - 7151},
	Title = {Solution to {PDEs} using radial basis function finite-differences (RBF-FD) on multiple {GPUs}},
	Url = {http://www.sciencedirect.com/science/article/pii/S0021999112003452},
	Volume = {231},
	Year = {2012},
	Bdsk-Url-1 = {http://www.sciencedirect.com/science/article/pii/S0021999112003452},
	Bdsk-Url-2 = {http://dx.doi.org/10.1016/j.jcp.2012.06.030}}

@article{BolligFlyerErlebacher2012b,
	Author = {Evan F. Bollig AND Natasha Flyer AND Gordon Erlebacher},
	Date-Added = {2012-07-18 14:09:11 -0400},
	Date-Modified = {2012-08-06 14:20:42 -0400},
	Journal = {in preparation},
	Title = {{Solving Elliptic PDEs with RBF-generated Finite Differences on Multiple GPUs}},
	Year = {2012}}

@article{FlyerFornberg11,
	Author = {Flyer, Natasha and Fornberg, Bengt},
	Date-Added = {2012-07-18 14:09:11 -0400},
	Date-Modified = {2012-07-18 14:09:11 -0400},
	Doi = {10.1016/j.compfluid.2010.08.005},
	File = {:Users/bollig/Documents/Mendeley Desktop/Flyer, Fornberg/2011/Computers \& Fluids/Flyer, Fornberg - 2011 - Radial basis functions Developments and applications to planetary scale flows.pdf:pdf},
	Issn = {00457930},
	Journal = {Computers \& Fluids},
	Keywords = {radial basis functions},
	Month = jul,
	Number = {1},
	Pages = {23--32},
	Publisher = {Elsevier Ltd},
	Title = {{Radial basis functions: Developments and applications to planetary scale flows}},
	Url = {http://linkinghub.elsevier.com/retrieve/pii/S0045793010001982},
	Volume = {46},
	Year = {2011},
	Bdsk-Url-1 = {http://linkinghub.elsevier.com/retrieve/pii/S0045793010001982},
	Bdsk-Url-2 = {http://dx.doi.org/10.1016/j.compfluid.2010.08.005}}

@article{FlyerLehto11,
	Author = {Flyer, Natasha and Lehto, Erik and Blaise, Sebastien and Wright, Grady B. and St-Cyr, Amik},
	Date-Added = {2012-07-18 14:09:11 -0400},
	Date-Modified = {2012-07-18 14:09:11 -0400},
	File = {:Users/bollig/Documents/Mendeley Desktop/Flyer et al/2011/Submitted to Elsevier/Flyer et al. - 2011 - RBF-generated finite differences for nonlinear transport on a sphere shallow water simulations.pdf:pdf},
	Journal = {Submitted to Elsevier},
	Keywords = {Finite Differences,Hyperbolic PDEs,RBF,RBF-FD,Radial Basis Functions,Spherical Geometry},
	Pages = {1--29},
	Title = {RBF-generated finite differences for nonlinear transport on a sphere: shallow water simulations},
	Year = {2011}}

@article{FlyerWright07,
	Author = {Natasha Flyer and Grady B. Wright},
	Date-Added = {2012-07-18 14:09:11 -0400},
	Date-Modified = {2012-07-18 14:09:11 -0400},
	Doi = {DOI: 10.1016/j.jcp.2007.05.009},
	Issn = {0021-9991},
	Journal = {Journal of Computational Physics},
	Keywords = {Mesh-free},
	Number = {1},
	Pages = {1059 - 1084},
	Title = {{Transport schemes on a sphere using radial basis functions}},
	Url = {http://www.sciencedirect.com/science/article/B6WHY-4NT84XT-1/2/6d983be2a963bc1b95d261de7d152fc1},
	Volume = {226},
	Year = {2007},
	Bdsk-Url-1 = {http://www.sciencedirect.com/science/article/B6WHY-4NT84XT-1/2/6d983be2a963bc1b95d261de7d152fc1},
	Bdsk-Url-2 = {http://dx.doi.org/10.1016/j.jcp.2007.05.009}}

@inproceedings{FlyerWright09,
	Author = {Natasha Flyer and Grady B. Wright},
	Booktitle = {Proc. R. Soc. A},
	Date-Added = {2012-07-18 14:09:11 -0400},
	Date-Modified = {2012-07-18 14:09:11 -0400},
	Doi = {10.1098/rspa.2009.0033},
	Month = {December},
	Number = {2106},
	Pages = {1949--1976},
	Title = {{A Radial Basis Function Method for the Shallow Water Equations on a Sphere}},
	Volume = {465},
	Year = {2009},
	Bdsk-Url-1 = {http://dx.doi.org/10.1098/rspa.2009.0033}}

@article{Fornberg2005,
	Author = {Bengt Fornberg and Natasha Flyer},
	Date-Added = {2012-07-18 14:09:11 -0400},
	Date-Modified = {2012-07-18 14:09:11 -0400},
	Journal = {Adv. Comput. Math},
	Pages = {5--20},
	Title = {{Accuracy of Radial Basis Function Interpolation and Derivative Approximations on 1-D Infinite Grids}},
	Volume = {23},
	Year = {2005}}

@article{Fornberg2007,
	Author = {Bengt Fornberg and C\'{e}cile Piret},
	Date-Added = {2012-07-18 14:09:11 -0400},
	Date-Modified = {2012-07-18 14:09:11 -0400},
	Doi = {10.1137/060671991},
	Journal = {SIAM Journal on Scientific Computing},
	Keywords = {radial basis functions; RBF; shape parameter; sphere; spherical harmonics},
	Number = {1},
	Pages = {60-80},
	Publisher = {SIAM},
	Title = {{A Stable Algorithm for Flat Radial Basis Functions on a Sphere}},
	Url = {http://link.aip.org/link/?SCE/30/60/1},
	Volume = {30},
	Year = {2007},
	Bdsk-Url-1 = {http://link.aip.org/link/?SCE/30/60/1},
	Bdsk-Url-2 = {http://dx.doi.org/10.1137/060671991}}

@article{Fornberg2008,
	Author = {Bengt Fornberg and C{\'e}cile Piret},
	Date-Added = {2012-07-18 14:09:11 -0400},
	Date-Modified = {2012-07-18 14:09:11 -0400},
	Doi = {DOI: 10.1016/j.jcp.2007.11.016},
	Issn = {0021-9991},
	Journal = {Journal of Computational Physics},
	Keywords = {RBF-QR method},
	Number = {5},
	Pages = {2758 - 2780},
	Title = {{On Choosing a Radial Basis Function and a Shape Parameter when Solving a Convective PDE on a Sphere}},
	Url = {http://www.sciencedirect.com/science/article/B6WHY-4R68NMY-2/2/a5d3a69a1da97399830fd9347ef50282},
	Volume = {227},
	Year = {2008},
	Bdsk-Url-1 = {http://www.sciencedirect.com/science/article/B6WHY-4R68NMY-2/2/a5d3a69a1da97399830fd9347ef50282},
	Bdsk-Url-2 = {http://dx.doi.org/10.1016/j.jcp.2007.11.016}}

@article{Fornberg2009a,
	Author = {B Fornberg and N Flyer and JM Russell},
	Date-Added = {2012-07-18 14:09:11 -0400},
	Date-Modified = {2012-07-18 14:09:11 -0400},
	Journal = {IMA Journal of Numerical Analysis},
	Local-Url = {file://localhost/Users/bollig/Documents/Papers/2009/Fornberg/IMA%20Journal%20of%20Numerical%20Analysis%202009%20Fornberg.pdf},
	Pmid = {7139438914451900558related:joiBx91hFGMJ},
	Rating = {0},
	Title = {{Comparisons Between Pseudospectral and Radial Basis Function Derivative Approximations}},
	Uri = {papers://DFE5C5B5-3C1D-42A3-A5B3-72E34244CB7C/Paper/p77},
	Year = {2009},
	Bdsk-File-1 = {YnBsaXN0MDDUAQIDBAUGJCVYJHZlcnNpb25YJG9iamVjdHNZJGFyY2hpdmVyVCR0b3ASAAGGoKgHCBMUFRYaIVUkbnVsbNMJCgsMDxJXTlMua2V5c1pOUy5vYmplY3RzViRjbGFzc6INDoACgAOiEBGABIAFgAdccmVsYXRpdmVQYXRoWWFsaWFzRGF0YV8QVS4uL0RvY3VtZW50cy9QYXBlcnMvMjAwOS9Gb3JuYmVyZy9JTUEgSm91cm5hbCBvZiBOdW1lcmljYWwgQW5hbHlzaXMgMjAwOSBGb3JuYmVyZy5wZGbSFwsYGVdOUy5kYXRhTxECLgAAAAACLgACAAAMTWFjaW50b3NoIEhEAAAAAAAAAAAAAAAAAAAAxh/GCEgrAAAAOIBqH0lNQSBKb3VybmFsIG9mIE51bWUjMjM0RTg4OC5wZGYAAAAAAAAAAAAAAAAAAAAAAAAAAAAAAAAAAAAAAAAAAAI06IjG16ANAAAAAAAAAAAAAQAFAAAJIAAAAAAAAAAAAAAAAAAAAAhGb3JuYmVyZwAQAAgAAMYf/kgAAAARAAgAAMbX2E0AAAABABgAOIBqADez8wAvdFYACqlYAAqpQQAAev4AAgBXTWFjaW50b3NoIEhEOlVzZXJzOmVmYjA2OkRvY3VtZW50czpQYXBlcnM6MjAwOTpGb3JuYmVyZzpJTUEgSm91cm5hbCBvZiBOdW1lIzIzNEU4ODgucGRmAAAOAGgAMwBJAE0AQQAgAEoAbwB1AHIAbgBhAGwAIABvAGYAIABOAHUAbQBlAHIAaQBjAGEAbAAgAEEAbgBhAGwAeQBzAGkAcwAgADIAMAAwADkAIABGAG8AcgBuAGIAZQByAGcALgBwAGQAZgAPABoADABNAGEAYwBpAG4AdABvAHMAaAAgAEgARAASAF5Vc2Vycy9lZmIwNi9Eb2N1bWVudHMvUGFwZXJzLzIwMDkvRm9ybmJlcmcvSU1BIEpvdXJuYWwgb2YgTnVtZXJpY2FsIEFuYWx5c2lzIDIwMDkgRm9ybmJlcmcucGRmABMAAS8AABUAAgAM//8AAIAG0hscHR5aJGNsYXNzbmFtZVgkY2xhc3Nlc11OU011dGFibGVEYXRhox0fIFZOU0RhdGFYTlNPYmplY3TSGxwiI1xOU0RpY3Rpb25hcnmiIiBfEA9OU0tleWVkQXJjaGl2ZXLRJidUcm9vdIABAAgAEQAaACMALQAyADcAQABGAE0AVQBgAGcAagBsAG4AcQBzAHUAdwCEAI4A5gDrAPMDJQMnAywDNwNAA04DUgNZA2IDZwN0A3cDiQOMA5EAAAAAAAACAQAAAAAAAAAoAAAAAAAAAAAAAAAAAAADkw==}}

@article{Fornberg2011a,
	Author = {Fornberg, Bengt and Larsson, Elisabeth and Flyer, Natasha},
	Date-Added = {2012-07-18 14:09:11 -0400},
	Date-Modified = {2012-07-18 14:09:11 -0400},
	File = {:Users/bollig/Documents/Mendeley Desktop/Fornberg, Larsson, Flyer/2011/SIAM J. on Scientific Computing/Fornberg, Larsson, Flyer - 2011 - STABLE COMPUTATIONS WITH GAUSSIAN RADIAL BASIS FUNCTIONS.pdf:pdf},
	Journal = {SIAM J. on Scientific Computing},
	Keywords = {ill-conditioning,radial basis function,shape parameter,stable},
	Number = {2},
	Pages = {869----892},
	Publisher = {Citeseer},
	Title = {{Stable Computations with Gaussian Radial Basis Functions}},
	Url = {http://dx.doi.org/10.1137/09076756X},
	Volume = {33},
	Year = {2011},
	Bdsk-Url-1 = {http://dx.doi.org/10.1137/09076756X}}

@article{FornbergDriscoll02,
	Author = {Fornberg, B and Driscoll, T and Wright, G and Charles, R},
	Date-Added = {2012-07-18 14:09:11 -0400},
	Date-Modified = {2012-07-18 14:09:11 -0400},
	Doi = {10.1016/S0898-1221(01)00299-1},
	File = {:Users/bollig/Documents/Mendeley Desktop/Fornberg et al./2002/Computers \& Mathematics with Applications/Fornberg et al. - 2002 - Observations on the behavior of radial basis function approximations near boundaries.pdf:pdf},
	Issn = {08981221},
	Journal = {Computers \& Mathematics with Applications},
	Keywords = {-radial,basis functions,cubic splines,pdes,rbf},
	Month = feb,
	Number = {3-5},
	Pages = {473--490},
	Title = {{Observations on the behavior of radial basis function approximations near boundaries}},
	Url = {http://linkinghub.elsevier.com/retrieve/pii/S0898122101002991},
	Volume = {43},
	Year = {2002},
	Bdsk-Url-1 = {http://linkinghub.elsevier.com/retrieve/pii/S0898122101002991},
	Bdsk-Url-2 = {http://dx.doi.org/10.1016/S0898-1221(01)00299-1}}

@article{FornbergLehto11,
	Author = {Fornberg, Bengt and Lehto, Erik},
	Date-Added = {2012-07-18 14:09:11 -0400},
	Date-Modified = {2012-07-18 14:09:11 -0400},
	Doi = {10.1016/j.jcp.2010.12.014},
	File = {:Users/bollig/Documents/Mendeley Desktop/Fornberg, Lehto/2011/Journal of Computational Physics/Fornberg, Lehto - 2011 - Stabilization of RBF-generated finite difference methods for convective PDEs.pdf:pdf},
	Issn = {00219991},
	Journal = {Journal of Computational Physics},
	Keywords = {radial basis functions},
	Month = mar,
	Number = {6},
	Pages = {2270--2285},
	Title = {{Stabilization of RBF-generated finite difference methods for convective PDEs}},
	Url = {http://linkinghub.elsevier.com/retrieve/pii/S0021999110006789},
	Volume = {230},
	Year = {2011},
	Bdsk-Url-1 = {http://linkinghub.elsevier.com/retrieve/pii/S0021999110006789},
	Bdsk-Url-2 = {http://dx.doi.org/10.1016/j.jcp.2010.12.014}}


@article{Fornberg2009a,
	Author = {B Fornberg and N Flyer and JM Russell},
	Date-Added = {2012-07-18 14:09:11 -0400},
	Date-Modified = {2012-07-18 14:09:11 -0400},
	Journal = {IMA Journal of Numerical Analysis},
	Local-Url = {file://localhost/Users/bollig/Documents/Papers/2009/Fornberg/IMA%20Journal%20of%20Numerical%20Analysis%202009%20Fornberg.pdf},
	Pmid = {7139438914451900558related:joiBx91hFGMJ},
	Rating = {0},
	Title = {{Comparisons Between Pseudospectral and Radial Basis Function Derivative Approximations}},
	Uri = {papers://DFE5C5B5-3C1D-42A3-A5B3-72E34244CB7C/Paper/p77},
	Year = {2009},
	Bdsk-File-1 = {YnBsaXN0MDDUAQIDBAUGJCVYJHZlcnNpb25YJG9iamVjdHNZJGFyY2hpdmVyVCR0b3ASAAGGoKgHCBMUFRYaIVUkbnVsbNMJCgsMDxJXTlMua2V5c1pOUy5vYmplY3RzViRjbGFzc6INDoACgAOiEBGABIAFgAdccmVsYXRpdmVQYXRoWWFsaWFzRGF0YV8QVS4uL0RvY3VtZW50cy9QYXBlcnMvMjAwOS9Gb3JuYmVyZy9JTUEgSm91cm5hbCBvZiBOdW1lcmljYWwgQW5hbHlzaXMgMjAwOSBGb3JuYmVyZy5wZGbSFwsYGVdOUy5kYXRhTxECLgAAAAACLgACAAAMTWFjaW50b3NoIEhEAAAAAAAAAAAAAAAAAAAAxh/GCEgrAAAAOIBqH0lNQSBKb3VybmFsIG9mIE51bWUjMjM0RTg4OC5wZGYAAAAAAAAAAAAAAAAAAAAAAAAAAAAAAAAAAAAAAAAAAAI06IjG16ANAAAAAAAAAAAAAQAFAAAJIAAAAAAAAAAAAAAAAAAAAAhGb3JuYmVyZwAQAAgAAMYf/kgAAAARAAgAAMbX2E0AAAABABgAOIBqADez8wAvdFYACqlYAAqpQQAAev4AAgBXTWFjaW50b3NoIEhEOlVzZXJzOmVmYjA2OkRvY3VtZW50czpQYXBlcnM6MjAwOTpGb3JuYmVyZzpJTUEgSm91cm5hbCBvZiBOdW1lIzIzNEU4ODgucGRmAAAOAGgAMwBJAE0AQQAgAEoAbwB1AHIAbgBhAGwAIABvAGYAIABOAHUAbQBlAHIAaQBjAGEAbAAgAEEAbgBhAGwAeQBzAGkAcwAgADIAMAAwADkAIABGAG8AcgBuAGIAZQByAGcALgBwAGQAZgAPABoADABNAGEAYwBpAG4AdABvAHMAaAAgAEgARAASAF5Vc2Vycy9lZmIwNi9Eb2N1bWVudHMvUGFwZXJzLzIwMDkvRm9ybmJlcmcvSU1BIEpvdXJuYWwgb2YgTnVtZXJpY2FsIEFuYWx5c2lzIDIwMDkgRm9ybmJlcmcucGRmABMAAS8AABUAAgAM//8AAIAG0hscHR5aJGNsYXNzbmFtZVgkY2xhc3Nlc11OU011dGFibGVEYXRhox0fIFZOU0RhdGFYTlNPYmplY3TSGxwiI1xOU0RpY3Rpb25hcnmiIiBfEA9OU0tleWVkQXJjaGl2ZXLRJidUcm9vdIABAAgAEQAaACMALQAyADcAQABGAE0AVQBgAGcAagBsAG4AcQBzAHUAdwCEAI4A5gDrAPMDJQMnAywDNwNAA04DUgNZA2IDZwN0A3cDiQOMA5EAAAAAAAACAQAAAAAAAAAoAAAAAAAAAAAAAAAAAAADkw==}}

@article{Fornberg2011a,
	Author = {Fornberg, Bengt and Larsson, Elisabeth and Flyer, Natasha},
	Date-Added = {2012-07-18 14:09:11 -0400},
	Date-Modified = {2012-07-18 14:09:11 -0400},
	File = {:Users/bollig/Documents/Mendeley Desktop/Fornberg, Larsson, Flyer/2011/SIAM J. on Scientific Computing/Fornberg, Larsson, Flyer - 2011 - STABLE COMPUTATIONS WITH GAUSSIAN RADIAL BASIS FUNCTIONS.pdf:pdf},
	Journal = {SIAM J. on Scientific Computing},
	Keywords = {ill-conditioning,radial basis function,shape parameter,stable},
	Number = {2},
	Pages = {869----892},
	Publisher = {Citeseer},
	Title = {{Stable Computations with Gaussian Radial Basis Functions}},
	Url = {http://dx.doi.org/10.1137/09076756X},
	Volume = {33},
	Year = {2011},
	Bdsk-Url-1 = {http://dx.doi.org/10.1137/09076756X}}

@article{FornbergDriscoll02,
	Author = {Fornberg, B and Driscoll, T and Wright, G and Charles, R},
	Date-Added = {2012-07-18 14:09:11 -0400},
	Date-Modified = {2012-07-18 14:09:11 -0400},
	Doi = {10.1016/S0898-1221(01)00299-1},
	File = {:Users/bollig/Documents/Mendeley Desktop/Fornberg et al./2002/Computers \& Mathematics with Applications/Fornberg et al. - 2002 - Observations on the behavior of radial basis function approximations near boundaries.pdf:pdf},
	Issn = {08981221},
	Journal = {Computers \& Mathematics with Applications},
	Keywords = {-radial,basis functions,cubic splines,pdes,rbf},
	Month = feb,
	Number = {3-5},
	Pages = {473--490},
	Title = {{Observations on the behavior of radial basis function approximations near boundaries}},
	Url = {http://linkinghub.elsevier.com/retrieve/pii/S0898122101002991},
	Volume = {43},
	Year = {2002},
	Bdsk-Url-1 = {http://linkinghub.elsevier.com/retrieve/pii/S0898122101002991},
	Bdsk-Url-2 = {http://dx.doi.org/10.1016/S0898-1221(01)00299-1}}

@article{FornbergLehto11,
	Author = {Fornberg, Bengt and Lehto, Erik},
	Date-Added = {2012-07-18 14:09:11 -0400},
	Date-Modified = {2012-07-18 14:09:11 -0400},
	Doi = {10.1016/j.jcp.2010.12.014},
	File = {:Users/bollig/Documents/Mendeley Desktop/Fornberg, Lehto/2011/Journal of Computational Physics/Fornberg, Lehto - 2011 - Stabilization of RBF-generated finite difference methods for convective PDEs.pdf:pdf},
	Issn = {00219991},
	Journal = {Journal of Computational Physics},
	Keywords = {radial basis functions},
	Month = mar,
	Number = {6},
	Pages = {2270--2285},
	Title = {{Stabilization of RBF-generated finite difference methods for convective PDEs}},
	Url = {http://linkinghub.elsevier.com/retrieve/pii/S0021999110006789},
	Volume = {230},
	Year = {2011},
	Bdsk-Url-1 = {http://linkinghub.elsevier.com/retrieve/pii/S0021999110006789},
	Bdsk-Url-2 = {http://dx.doi.org/10.1016/j.jcp.2010.12.014}}

@article{Franke1982,
	Abstract = {This paper is concerned with the evaluation of methods for scattered data interpolation and some of the results of the tests when applied to a number of methods. The process involves evaluation of the methods in terms of timing, storage, accuracy, visual pleasantness of the surface, and ease of implementation. To indicate the flavor of the type of results obtained, we give a summary table and representative perspective plots of several surfaces.},
	Author = {Franke, Richard},
	Copyright = {Copyright {\copyright} 1982 American Mathematical Society},
	Date-Added = {2012-07-18 14:09:11 -0400},
	Date-Modified = {2012-07-18 14:09:11 -0400},
	Issn = {00255718},
	Journal = {Mathematics of Computation},
	Jstor_Articletype = {primary_article},
	Jstor_Formatteddate = {Jan., 1982},
	Number = {157},
	Pages = {181--200},
	Publisher = {American Mathematical Society},
	Title = {{Scattered Data Interpolation: Tests of Some Method}},
	Url = {http://www.jstor.org/stable/2007474},
	Volume = {38},
	Year = {1982},
	Bdsk-Url-1 = {http://www.jstor.org/stable/2007474}}

@article{Furumura2008,
	Author = {Takashi Furumura and Tatsuhiko Saito},
	Date-Added = {2012-07-18 14:09:11 -0400},
	Date-Modified = {2012-07-18 14:09:11 -0400},
	Issn = {1348-6822},
	Journal = {Annual Report of the Earth Simulator Center},
	Pages = {97 -- 102},
	Publisher = {Earth Simulator Center, Japan Agency for Marine-Earth Science and Technology},
	Title = {{Three Dimensional Simulations of Tsunami Generation and Propagation}},
	Year = {2008},
	Bdsk-Url-1 = {http://dx.doi.org/10.1016/j.parco.2004.09.003}}

@article{Gisler2008,
	Author = {Gisler, Galen R.},
	Date-Added = {2012-07-18 14:09:11 -0400},
	Date-Modified = {2012-07-18 14:09:11 -0400},
	Doi = {10.1146/annurev.fluid.40.111406.102208},
	Eprint = {http://arjournals.annualreviews.org/doi/pdf/10.1146/annurev.fluid.40.111406.102208},
	Journal = {Annual Review of Fluid Mechanics},
	Number = {1},
	Pages = {71-90},
	Title = {{Tsunami Simulations}},
	Url = {http://arjournals.annualreviews.org/doi/abs/10.1146/annurev.fluid.40.111406.102208},
	Volume = {40},
	Year = {2008},
	Bdsk-Url-1 = {http://arjournals.annualreviews.org/doi/abs/10.1146/annurev.fluid.40.111406.102208},
	Bdsk-Url-2 = {http://dx.doi.org/10.1146/annurev.fluid.40.111406.102208}}

@article{Goeddeke2007,
	Author = {D G{\"o}ddeke and R Strzodka and J Mohd-Yusof and P McCormick and SHM Buijssen and M Grajewski and S Turek},
	Date-Added = {2012-07-18 14:09:11 -0400},
	Date-Modified = {2012-07-18 14:09:11 -0400},
	Journal = {Parallel Computing},
	Local-Url = {file://localhost/Users/bollig/Documents/Papers/2007/G%C3%B6ddeke/Parallel%20Computing%202007%20G%C3%B6ddeke.pdf},
	Pmid = {7281037949676723667related:052eSnBxC2UJ},
	Rating = {0},
	Title = {{Exploring weak scalability for FEM calculations on a GPU-enhanced cluster}},
	Uri = {papers://DFE5C5B5-3C1D-42A3-A5B3-72E34244CB7C/Paper/p40},
	Year = {2007},
	Bdsk-File-1 = {YnBsaXN0MDDUAQIDBAUGJCVYJHZlcnNpb25YJG9iamVjdHNZJGFyY2hpdmVyVCR0b3ASAAGGoKgHCBMUFRYaIVUkbnVsbNMJCgsMDxJXTlMua2V5c1pOUy5vYmplY3RzViRjbGFzc6INDoACgAOiEBGABIAFgAdccmVsYXRpdmVQYXRoWWFsaWFzRGF0YW8QRgAuAC4ALwBEAG8AYwB1AG0AZQBuAHQAcwAvAFAAYQBwAGUAcgBzAC8AMgAwADAANwAvAEcAbwMIAGQAZABlAGsAZQAvAFAAYQByAGEAbABsAGUAbAAgAEMAbwBtAHAAdQB0AGkAbgBnACAAMgAwADAANwAgAEcAbwMIAGQAZABlAGsAZQAuAHAAZABm0hcLGBlXTlMuZGF0YU8RAgIAAAAAAgIAAgAADE1hY2ludG9zaCBIRAAAAAAAAAAAAAAAAAAAAMYfxghIKwAAADiClR9QYXJhbGxlbCBDb21wdXRpbmcgIzIzNEU4MDYucGRmAAAAAAAAAAAAAAAAAAAAAAAAAAAAAAAAAAAAAAAAAAACNOgGxjHB7QAAAAAAAAAAAAEABQAACSAAAAAAAAAAAAAAAAAAAAAHR5pkZGVrZQAAEAAIAADGH/5IAAAAEQAIAADGMfotAAAAAQAYADiClQA3s/kAL3RWAAqpWAAKqUEAAHr+AAIAVk1hY2ludG9zaCBIRDpVc2VyczplZmIwNjpEb2N1bWVudHM6UGFwZXJzOjIwMDc6R5pkZGVrZTpQYXJhbGxlbCBDb21wdXRpbmcgIzIzNEU4MDYucGRmAA4ASgAkAFAAYQByAGEAbABsAGUAbAAgAEMAbwBtAHAAdQB0AGkAbgBnACAAMgAwADAANwAgAEcAbwMIAGQAZABlAGsAZQAuAHAAZABmAA8AGgAMAE0AYQBjAGkAbgB0AG8AcwBoACAASABEABIAUVVzZXJzL2VmYjA2L0RvY3VtZW50cy9QYXBlcnMvMjAwNy9Hb8yIZGRla2UvUGFyYWxsZWwgQ29tcHV0aW5nIDIwMDcgR2/MiGRkZWtlLnBkZgAAEwABLwAAFQACAAz//wAAgAbSGxwdHlokY2xhc3NuYW1lWCRjbGFzc2VzXU5TTXV0YWJsZURhdGGjHR8gVk5TRGF0YVhOU09iamVjdNIbHCIjXE5TRGljdGlvbmFyeaIiIF8QD05TS2V5ZWRBcmNoaXZlctEmJ1Ryb290gAEACAARABoAIwAtADIANwBAAEYATQBVAGAAZwBqAGwAbgBxAHMAdQB3AIQAjgEdASIBKgMwAzIDNwNCA0sDWQNdA2QDbQNyA38DggOUA5cDnAAAAAAAAAIBAAAAAAAAACgAAAAAAAAAAAAAAAAAAAOe}}

@article{Goeddeke2008a,
	Author = {D G{\"o}ddeke and H Wobker and R Strzodka and J Mohd-Yusof and P McCormick and S Turek},
	Date-Added = {2012-07-18 14:09:11 -0400},
	Date-Modified = {2012-07-18 14:09:11 -0400},
	Journal = {International Journal of Computational Science and Engineering},
	Local-Url = {file://localhost/Users/bollig/Documents/Papers/2008/Goddeke/International%20Journal%20of%20Computational%20Science%20and%20Engineering%202008%20Goddeke.pdf},
	Pmid = {15172114625983555025related:0SVC9d0tjtIJ},
	Rating = {0},
	Title = {{Co-Processor Acceleration of an Unmodified Parallel Solid Mechanics Code with FEASTGPU}},
	Uri = {papers://DFE5C5B5-3C1D-42A3-A5B3-72E34244CB7C/Paper/p47},
	Year = {2008},
	Bdsk-File-1 = {YnBsaXN0MDDUAQIDBAUGJCVYJHZlcnNpb25YJG9iamVjdHNZJGFyY2hpdmVyVCR0b3ASAAGGoKgHCBMUFRYaIVUkbnVsbNMJCgsMDxJXTlMua2V5c1pOUy5vYmplY3RzViRjbGFzc6INDoACgAOiEBGABIAFgAdccmVsYXRpdmVQYXRoWWFsaWFzRGF0YV8QcC4uL0RvY3VtZW50cy9QYXBlcnMvMjAwOC9Hb2RkZWtlL0ludGVybmF0aW9uYWwgSm91cm5hbCBvZiBDb21wdXRhdGlvbmFsIFNjaWVuY2UgYW5kIEVuZ2luZWVyaW5nIDIwMDggR29kZGVrZS5wZGbSFwsYGVdOUy5kYXRhTxECgAAAAAACgAACAAAMTWFjaW50b3NoIEhEAAAAAAAAAAAAAAAAAAAAxh/GCEgrAAAAN7UZH0ludGVybmF0aW9uYWwgSm91cm4jMjM0RTgyMS5wZGYAAAAAAAAAAAAAAAAAAAAAAAAAAAAAAAAAAAAAAAAAAAI06CHGMcHVAAAAAAAAAAAAAQAFAAAJIAAAAAAAAAAAAAAAAAAAAAdHb2RkZWtlAAAQAAgAAMYf/kgAAAARAAgAAMYx+hUAAAABABgAN7UZADe0AAAvdFYACqlYAAqpQQAAev4AAgBWTWFjaW50b3NoIEhEOlVzZXJzOmVmYjA2OkRvY3VtZW50czpQYXBlcnM6MjAwODpHb2RkZWtlOkludGVybmF0aW9uYWwgSm91cm4jMjM0RTgyMS5wZGYADgCgAE8ASQBuAHQAZQByAG4AYQB0AGkAbwBuAGEAbAAgAEoAbwB1AHIAbgBhAGwAIABvAGYAIABDAG8AbQBwAHUAdABhAHQAaQBvAG4AYQBsACAAUwBjAGkAZQBuAGMAZQAgAGEAbgBkACAARQBuAGcAaQBuAGUAZQByAGkAbgBnACAAMgAwADAAOAAgAEcAbwBkAGQAZQBrAGUALgBwAGQAZgAPABoADABNAGEAYwBpAG4AdABvAHMAaAAgAEgARAASAHlVc2Vycy9lZmIwNi9Eb2N1bWVudHMvUGFwZXJzLzIwMDgvR29kZGVrZS9JbnRlcm5hdGlvbmFsIEpvdXJuYWwgb2YgQ29tcHV0YXRpb25hbCBTY2llbmNlIGFuZCBFbmdpbmVlcmluZyAyMDA4IEdvZGRla2UucGRmAAATAAEvAAAVAAIADP//AACABtIbHB0eWiRjbGFzc25hbWVYJGNsYXNzZXNdTlNNdXRhYmxlRGF0YaMdHyBWTlNEYXRhWE5TT2JqZWN00hscIiNcTlNEaWN0aW9uYXJ5oiIgXxAPTlNLZXllZEFyY2hpdmVy0SYnVHJvb3SAAQAIABEAGgAjAC0AMgA3AEAARgBNAFUAYABnAGoAbABuAHEAcwB1AHcAhACOAQEBBgEOA5IDlAOZA6QDrQO7A78DxgPPA9QD4QPkA/YD+QP+AAAAAAAAAgEAAAAAAAAAKAAAAAAAAAAAAAAAAAAABAA=}}

@techreport{Goeddeke2008b,
	Author = {Dominik G\"{o}ddeke and Robert Strzodka},
	Date-Added = {2012-07-18 14:09:11 -0400},
	Date-Modified = {2012-07-18 14:09:11 -0400},
	Institution = {Technical University Dortmund},
	Title = {{Performance and accuracy of hardware-oriented native-, emulated- and mixed-precision solvers in {FEM} simulations (Part 2: Double Precision {GPUs})}},
	Year = {2008}}

@article{Goeddeke2009a,
	Author = {D G{\"o}ddeke and SHM Buijssen and H Wobker and S Turek},
	Date-Added = {2012-07-18 14:09:11 -0400},
	Date-Modified = {2012-07-18 14:09:11 -0400},
	Journal = {High Performance Computing and Simulation},
	Local-Url = {file://localhost/Users/bollig/Documents/Papers/2009/G%C3%B6ddeke/High%20Performance%20Computing%20and%20Simulation%202009%20G%C3%B6ddeke.pdf},
	Pmid = {4775416088611430886related:5qFeoKGvRUIJ},
	Rating = {0},
	Title = {{GPU Acceleration of an Unmodified Parallel Finite Element Navier--Stokes Solver}},
	Uri = {papers://DFE5C5B5-3C1D-42A3-A5B3-72E34244CB7C/Paper/p98},
	Year = {2009},
	Bdsk-File-1 = {YnBsaXN0MDDUAQIDBAUGJCVYJHZlcnNpb25YJG9iamVjdHNZJGFyY2hpdmVyVCR0b3ASAAGGoKgHCBMUFRYaIVUkbnVsbNMJCgsMDxJXTlMua2V5c1pOUy5vYmplY3RzViRjbGFzc6INDoACgAOiEBGABIAFgAdccmVsYXRpdmVQYXRoWWFsaWFzRGF0YW8QXQAuAC4ALwBEAG8AYwB1AG0AZQBuAHQAcwAvAFAAYQBwAGUAcgBzAC8AMgAwADAAOQAvAEcAbwMIAGQAZABlAGsAZQAvAEgAaQBnAGgAIABQAGUAcgBmAG8AcgBtAGEAbgBjAGUAIABDAG8AbQBwAHUAdABpAG4AZwAgAGEAbgBkACAAUwBpAG0AdQBsAGEAdABpAG8AbgAgADIAMAAwADkAIABHAG8DCABkAGQAZQBrAGUALgBwAGQAZtIXCxgZV05TLmRhdGFPEQJGAAAAAAJGAAIAAAxNYWNpbnRvc2ggSEQAAAAAAAAAAAAAAAAAAADGH8YISCsAAAA6gpofSGlnaCBQZXJmb3JtYW5jZSBDbyMyMzRFOEM1LnBkZgAAAAAAAAAAAAAAAAAAAAAAAAAAAAAAAAAAAAAAAAAAAjToxcYxwboAAAAAAAAAAAABAAUAAAkgAAAAAAAAAAAAAAAAAAAAB0eaZGRla2UAABAACAAAxh/+SAAAABEACAAAxjH5+gAAAAEAGAA6gpoAN7PzAC90VgAKqVgACqlBAAB6/gACAFZNYWNpbnRvc2ggSEQ6VXNlcnM6ZWZiMDY6RG9jdW1lbnRzOlBhcGVyczoyMDA5OkeaZGRla2U6SGlnaCBQZXJmb3JtYW5jZSBDbyMyMzRFOEM1LnBkZgAOAHgAOwBIAGkAZwBoACAAUABlAHIAZgBvAHIAbQBhAG4AYwBlACAAQwBvAG0AcAB1AHQAaQBuAGcAIABhAG4AZAAgAFMAaQBtAHUAbABhAHQAaQBvAG4AIAAyADAAMAA5ACAARwBvAwgAZABkAGUAawBlAC4AcABkAGYADwAaAAwATQBhAGMAaQBuAHQAbwBzAGgAIABIAEQAEgBoVXNlcnMvZWZiMDYvRG9jdW1lbnRzL1BhcGVycy8yMDA5L0dvzIhkZGVrZS9IaWdoIFBlcmZvcm1hbmNlIENvbXB1dGluZyBhbmQgU2ltdWxhdGlvbiAyMDA5IEdvzIhkZGVrZS5wZGYAEwABLwAAFQACAAz//wAAgAbSGxwdHlokY2xhc3NuYW1lWCRjbGFzc2VzXU5TTXV0YWJsZURhdGGjHR8gVk5TRGF0YVhOU09iamVjdNIbHCIjXE5TRGljdGlvbmFyeaIiIF8QD05TS2V5ZWRBcmNoaXZlctEmJ1Ryb290gAEACAARABoAIwAtADIANwBAAEYATQBVAGAAZwBqAGwAbgBxAHMAdQB3AIQAjgFLAVABWAOiA6QDqQO0A70DywPPA9YD3wPkA/ED9AQGBAkEDgAAAAAAAAIBAAAAAAAAACgAAAAAAAAAAAAAAAAAAAQQ}}

@article{Govindaraju2007,
	Address = {Amsterdam, The Netherlands, The Netherlands},
	Author = {Govindaraju, Naga K. and Manocha, Dinesh},
	Date-Added = {2012-07-18 14:09:11 -0400},
	Date-Modified = {2012-07-18 14:09:11 -0400},
	Doi = {http://dx.doi.org/10.1016/j.parco.2007.09.006},
	Issn = {0167-8191},
	Journal = {Parallel Comput.},
	Number = {10-11},
	Pages = {663--684},
	Publisher = {Elsevier Science Publishers B. V.},
	Title = {{Cache-Efficient Numerical Algorithms using Graphics Hardware}},
	Volume = {33},
	Year = {2007},
	Bdsk-Url-1 = {http://dx.doi.org/10.1016/j.parco.2007.09.006}}

@article{Gross2002,
	Author = {M Gross and H Pfister and M Alexa and M Pauly and M Stamminger and M Zwicker},
	Date-Added = {2012-07-18 14:09:11 -0400},
	Date-Modified = {2012-07-18 14:09:11 -0400},
	Journal = {EUROGRAPHICS Lecture Notes},
	Local-Url = {file://localhost/Users/bollig/Documents/Papers/2002/Gross/EUROGRAPHICS%20Lecture%20Notes%202002%20Gross.pdf},
	Pmid = {9968462505511449585related:8XPPZdUXV4oJ},
	Rating = {0},
	Title = {{Point-Based Computer Graphics}},
	Uri = {papers://DFE5C5B5-3C1D-42A3-A5B3-72E34244CB7C/Paper/p26},
	Year = {2002},
	Bdsk-File-1 = {YnBsaXN0MDDUAQIDBAUGJCVYJHZlcnNpb25YJG9iamVjdHNZJGFyY2hpdmVyVCR0b3ASAAGGoKgHCBMUFRYaIVUkbnVsbNMJCgsMDxJXTlMua2V5c1pOUy5vYmplY3RzViRjbGFzc6INDoACgAOiEBGABIAFgAdccmVsYXRpdmVQYXRoWWFsaWFzRGF0YV8QSC4uL0RvY3VtZW50cy9QYXBlcnMvMjAwMi9Hcm9zcy9FVVJPR1JBUEhJQ1MgTGVjdHVyZSBOb3RlcyAyMDAyIEdyb3NzLnBkZtIXCxgZV05TLmRhdGFPEQIIAAAAAAIIAAIAAAxNYWNpbnRvc2ggSEQAAAAAAAAAAAAAAAAAAADGH8YISCsAAAA3tQkfRVVST0dSQVBISUNTIExlY3R1ciMyMzRFN0NELnBkZgAAAAAAAAAAAAAAAAAAAAAAAAAAAAAAAAAAAAAAAAAAAjTnzcaC0S5QREYgQ0FSTwABAAUAAAkgAAAAAAAAAAAAAAAAAAAABUdyb3NzAAAQAAgAAMYf/kgAAAARAAgAAMaDCW4AAAABABgAN7UJADe0FQAvdFYACqlYAAqpQQAAev4AAgBUTWFjaW50b3NoIEhEOlVzZXJzOmVmYjA2OkRvY3VtZW50czpQYXBlcnM6MjAwMjpHcm9zczpFVVJPR1JBUEhJQ1MgTGVjdHVyIzIzNEU3Q0QucGRmAA4AVAApAEUAVQBSAE8ARwBSAEEAUABIAEkAQwBTACAATABlAGMAdAB1AHIAZQAgAE4AbwB0AGUAcwAgADIAMAAwADIAIABHAHIAbwBzAHMALgBwAGQAZgAPABoADABNAGEAYwBpAG4AdABvAHMAaAAgAEgARAASAFFVc2Vycy9lZmIwNi9Eb2N1bWVudHMvUGFwZXJzLzIwMDIvR3Jvc3MvRVVST0dSQVBISUNTIExlY3R1cmUgTm90ZXMgMjAwMiBHcm9zcy5wZGYAABMAAS8AABUAAgAM//8AAIAG0hscHR5aJGNsYXNzbmFtZVgkY2xhc3Nlc11OU011dGFibGVEYXRhox0fIFZOU0RhdGFYTlNPYmplY3TSGxwiI1xOU0RpY3Rpb25hcnmiIiBfEA9OU0tleWVkQXJjaGl2ZXLRJidUcm9vdIABAAgAEQAaACMALQAyADcAQABGAE0AVQBgAGcAagBsAG4AcQBzAHUAdwCEAI4A2QDeAOYC8gL0AvkDBAMNAxsDHwMmAy8DNANBA0QDVgNZA14AAAAAAAACAQAAAAAAAAAoAAAAAAAAAAAAAAAAAAADYA==}}

@inproceedings{Mokbel2002,
	Acmid = {585179},
	Address = {New York, NY, USA},
	Author = {Mokbel, Mohamed F. and Aref, Walid G. and Kamel, Ibrahim},
	Booktitle = {Proceedings of the 10th ACM international symposium on Advances in geographic information systems},
	Date-Added = {2013-09-03 21:50:19 +0000},
	Date-Modified = {2013-09-03 21:50:25 +0000},
	Doi = {10.1145/585147.585179},
	Isbn = {1-58113-591-2},
	Location = {McLean, Virginia, USA},
	Numpages = {6},
	Pages = {149--154},
	Publisher = {ACM},
	Series = {GIS '02},
	Title = {Performance of multi-dimensional space-filling curves},
	Url = {http://doi.acm.org/10.1145/585147.585179},
	Year = {2002},
	Bdsk-Url-1 = {http://doi.acm.org/10.1145/585147.585179},
	Bdsk-Url-2 = {http://dx.doi.org/10.1145/585147.585179}}


@inproceedings{MellorCrummey2001,
	Author = {John Mellor-crummey and David Whalley and Ken Kennedy},
	Booktitle = {International Journal of Parallel Programming},
	Date-Added = {2013-08-12 17:08:16 +0000},
	Date-Modified = {2013-08-12 17:08:30 +0000},
	Pages = {425--433},
	Title = {Improving Memory Hierarchy Performance for Irregular Applications Using Data and Computation Reorderings},
	Year = {2001}}

@article{Neves2009,
	Abstract = {An hybrid technique is used for the solutions of static and time-dependent problems. The idea is to combine the radial basis function (RBF) collocation method and the pseudospectal (PS) method getting to the RBF-PS method. The approach presented in this paper includes a shape parameter optimization and produces highly accurate results. Different examples of the procedure are presented and different radial basis functions are used. One and two-dimensional problems are considered with various boundary and initial conditions. We consider generic problems, but also results on beams and plates. The displacement and the stress analysis are conducted for static and transient dynamic situations. Results obtained are in good agreement with exact solutions or references considered.},
	Author = {A M A Neves and C M C Roque and A J M Ferreira and C M M Soares and R M N Jorge},
	Date-Added = {2013-04-29 07:19:57 +0000},
	Date-Modified = {2013-04-29 07:20:05 +0000},
	Journal = {Journal of Physics: Conference Series},
	Number = {1},
	Pages = {012053},
	Title = {Solving time-dependent problems by an RBF-PS method with an optimal shape parameter},
	Url = {http://stacks.iop.org/1742-6596/181/i=1/a=012053},
	Volume = {181},
	Year = {2009},
	Bdsk-Url-1 = {http://stacks.iop.org/1742-6596/181/i=1/a=012053}}

@phdthesis{Wright2003,
    Author = {Grady B. Wright},
    Date-Added = {2012-07-18 14:09:11 -0400},
    Date-Modified = {2012-07-18 14:09:11 -0400},
    School = {University of Colorado},
    Title = {{Radial Basis Function Interpolation: Numerical and Analytical Developments}},
    Year = {2003}}


